@inproceedings{zhang-etal-2019-syntax-infused,
    title = "Syntax-Infused Variational Autoencoder for Text Generation",
    author = "Zhang, Xinyuan  and Yang, Yi  and Yuan, Siyang  and     Shen, Dinghan  and     Carin, Lawrence",
    booktitle = "ACL",
    year = "2019"
}


@inproceedings{bao-etal-2019-generating,
    title = "Generating Sentences from Disentangled Syntactic and Semantic Spaces",
    author = "Bao, Yu  and     Zhou, Hao  and     Huang, Shujian  and     Li, Lei  and     Mou, Lili  and     Vechtomova, Olga  and     Dai, Xin-yu  and     Chen, Jiajun",
    booktitle = "ACL",
    year = "2019"
}


@inproceedings{song-etal-2019-generating,
    title = "Generating Responses with a Specific Emotion in Dialog",
    author = "Song, Zhenqiao  and     Zheng, Xiaoqing  and     Liu, Lu  and     Xu, Mu  and     Huang, Xuanjing",
    booktitle = "ACL",
    year = "2019"
    }
    
@inproceedings{Xing2016TopicAN,
    title={Topic Aware Neural Response Generation},
    author={Chen Xing and Wei Wu and Yuehua Wu and Jie Liu and Yalou Huang and Ming Zhou and Wei-Ying Ma},
    booktitle={AAAI},
    year={2016}
}

@article{zhou2017ecm,
    author    = {Hao Zhou and     Minlie Huang and     Tianyang Zhang and     Xiaoyan Zhu and     Bing Liu},
    title     = {Emotional Chatting Machine: Emotional Conversation Generation with Internal and External Memory},
    journal   = {CoRR},
    year      = {2017}
}

@InProceedings{hu2017tcg,
    title = 	 {Toward Controlled Generation of Text},
    author = 	 {Zhiting Hu and Zichao Yang and Xiaodan Liang and Ruslan Salakhutdinov and Eric P. Xing},
    booktitle = 	 {ICML},
    year = 	 {2017}
}

@article{iyyer2018scp,
    author    = {Mohit Iyyer and     John Wieting and     Kevin Gimpel and     Luke Zettlemoyer},
    title     = {Adversarial Example Generation with Syntactically Controlled Paraphrase Networks},
    journal   = {CoRR},
    year      = {2018}
}

@article{Wang_2017_style,
    title={Steering Output Style and Topic in Neural Response Generation},
    journal={EMNLP},
    author={Wang, Di and Jojic, Nebojsa and Brockett, Chris and Nyberg, Eric},
    year={2017}
}

@inproceedings{woodsend-lapata-2011-learning,
    title = "Learning to Simplify Sentences with Quasi-Synchronous Grammar and Integer Programming",
    author = "Woodsend, Kristian  and     Lapata, Mirella",
    booktitle = "EMNLP",
    year = "2011",
    publisher = "Association for Computational Linguistics"
}

@article{bowman2015generating,
    title={Generating sentences from a continuous space},
    author={Bowman, Samuel R and Vilnis, Luke and Vinyals, Oriol and Dai, Andrew M and Jozefowicz, Rafal and Bengio, Samy},
    journal={arXiv preprint arXiv:1511.06349},
    year={2015}
}

@inproceedings{smith2006quasi,
    title={Quasi-synchronous grammars: Alignment by soft projection of syntactic dependencies},
    author={Smith, David A and Eisner, Jason},
    booktitle={Proceedings of the Workshop on Statistical Machine Translation},
    pages={23--30},
    year={2006},
    organization={Association for Computational Linguistics}
}

@misc{kim2018tutorial,
    title={A Tutorial on Deep Latent Variable Models of Natural Language},
    author={Yoon Kim and Sam Wiseman and Alexander M. Rush},
    year={2018}
}

@article{zhang2016vnmt,
    title={Variational Neural Machine Translation},
    journal={EMNLP},
    publisher={Association for Computational Linguistics},
    author={Zhang, Biao and Xiong, Deyi and su, jinsong and Duan, Hong and Zhang, Min},
    year={2016}
}


@inproceedings{serban2017hierarchical,
    title={A hierarchical latent variable encoder-decoder model for generating dialogues},
    author={Serban, Iulian Vlad and Sordoni, Alessandro and Lowe, Ryan and Charlin, Laurent and Pineau, Joelle and Courville, Aaron and Bengio, Yoshua},
    booktitle={Thirty-First AAAI Conference on Artificial Intelligence},
    year={2017}
}

@article{kingma2013auto,
    title={Auto-encoding variational bayes},
    author={Kingma, Diederik P and Welling, Max},
    journal={arXiv preprint arXiv:1312.6114},
    year={2013}
}

@inproceedings{gupta2018deep,
    title={A deep generative framework for paraphrase generation},
    author={Gupta, Ankush and Agarwal, Arvind and Singh, Prawaan and Rai, Piyush},
    booktitle={Thirty-Second AAAI Conference on Artificial Intelligence},
    year={2018}
}

@misc{dai2018syntaxdirected,
    title={Syntax-Directed Variational Autoencoder for Structured Data},
    author={Hanjun Dai and Yingtao Tian and Bo Dai and Steven Skiena and Le Song},
    year={2018}
}

@article{Shang2015stc,
    title={Neural Responding Machine for Short-Text Conversation},
    journal={ACL},
    publisher={Association for Computational Linguistics},
    author={Shang, Lifeng and Lu, Zhengdong and Li, Hang},
    year={2015}
}

@article{pkuseg,
    author = {Luo, Ruixuan and Xu, Jingjing and Zhang, Yi and Ren, Xuancheng and Sun, Xu},
    journal = {CoRR},
    title = {PKUSEG: A Toolkit for Multi-Domain Chinese Word Segmentation.},
    year = 2019
}

@InProceedings{Kitaev-2018-SelfAttentive,
    author    = {Kitaev, Nikita and Klein, Dan},
    title     = {Constituency Parsing with a Self-Attentive Encoder},
    booktitle = {ACL},
    year      = {2018},
    publisher = {Association for Computational Linguistics}
}

@article{qiu2015weibo,
    title={Overview of the NLPCC 2015 Shared Task: Chinese Word Segmentation and POS Tagging for Micro-blog Texts},
    journal={Lecture Notes in Computer Science},
    publisher={Springer International Publishing},
    author={Qiu, Xipeng and Qian, Peng and Yin, Liusong and Wu, Shiyu and Huang, Xuanjing},
    year={2015},
    pages={541–549}
}


@inproceedings{paszke2017pytorch,
    title={Automatic Differentiation in {PyTorch}},
    author={Paszke, Adam and Gross, Sam and Chintala, Soumith and Chanan, Gregory and Yang, Edward and DeVito, Zachary and Lin, Zeming and Desmaison, Alban and Antiga, Luca and Lerer, Adam},
    booktitle={NIPS Autodiff Workshop},
    year={2017}
}

@inproceedings{ott2019fairseq,
    title = {fairseq: A Fast, Extensible Toolkit for Sequence Modeling},
    author = {Myle Ott and Sergey Edunov and Alexei Baevski and Angela Fan and Sam Gross and Nathan Ng and David Grangier and Michael Auli},
    booktitle = {Proceedings of NAACL-HLT 2019: Demonstrations},
    year = {2019}
}

@article{Bahdanau2014NeuralMT,
    title={Neural Machine Translation by Jointly Learning to Align and Translate},
    author={Dzmitry Bahdanau and Kyunghyun Cho and Yoshua Bengio},
    journal={CoRR},
    year={2014},
    volume={abs/1409.0473}
}

@incollection{cvae2015,
    title = {Learning Structured Output Representation using Deep Conditional Generative Models},
    author = {Sohn, Kihyuk and Lee, Honglak and Yan, Xinchen},
    booktitle = {Advances in Neural Information Processing Systems 28},
    year = {2015},
    publisher = {Curran Associates, Inc.}
}

@inproceedings{luong-2015-effective,
    title = "Effective Approaches to Attention-based Neural Machine Translation",
    author = "Luong, Thang  and     Pham, Hieu  and     Manning, Christopher D.",
    booktitle = "EMNLP",
    year = "2015",
    publisher = "Association for Computational Linguistics"
}


@misc{vaswani2017attention,
    title={Attention Is All You Need},
    author={Ashish Vaswani and Noam Shazeer and Niki Parmar and Jakob Uszkoreit and Llion Jones and Aidan N. Gomez and Lukasz Kaiser and Illia Polosukhin},
    year={2017}
}

@misc{fu2017style,
    title={Style Transfer in Text: Exploration and Evaluation},
    author={Zhenxin Fu and Xiaoye Tan and Nanyun Peng and Dongyan Zhao and Rui Yan},
    year={2017}
}

@article{ghosh2017afflm,
    title={Affect-LM: A Neural Language Model for Customizable Affective Text Generation},
    journal={Proceedings of the 55th Annual Meeting of the Association for Computational Linguistics (Volume 1: Long Papers)},
    publisher={Association for Computational Linguistics},
    author={Ghosh, Sayan and Chollet, Mathieu and Laksana, Eugene and Morency, Louis-Philippe and Scherer, Stefan},
    year={2017}
}

@misc{john2018disentangled,
    title={Disentangled Representation Learning for Non-Parallel Text Style Transfer},
    author={Vineet John and Lili Mou and Hareesh Bahuleyan and Olga Vechtomova},
    year={2018}
}

@inproceedings{ke2018function,
    title = "Generating Informative Responses with Controlled Sentence Function",
    author = "Ke, Pei  and     Guan, Jian  and     Huang, Minlie  and     Zhu, Xiaoyan",
    booktitle = "Proceedings of the 56th Annual Meeting of the Association for Computational Linguistics (Volume 1: Long Papers)",
    year = "2018",
    publisher = "Association for Computational Linguistics"
}

@article{Asghar2018affresponse,
    title={Affective Neural Response Generation},
    journal={Advances in Information Retrieval},
    publisher={Springer International Publishing},
    author={Asghar, Nabiha and Poupart, Pascal and Hoey, Jesse and Jiang, Xin and Mou, Lili},
    year={2018},
    pages={154–166}
}

@inproceedings{Feng2012stylish,
    author = {Feng, Song and Banerjee, Ritwik and Choi, Yejin},
    title = {Characterizing Stylistic Elements in Syntactic Structure},
    booktitle = {EMNLP and Computational Natural Language Learning},
    series = {EMNLP-CoNLL '12},
    year = {2012},
    publisher = {Association for Computational Linguistics}
} 

@inproceedings{Sarawgi2011GenderAT,
    title={Gender Attribution: Tracing Stylometric Evidence Beyond Topic and Genre},
    author={Ruchita Sarawgi and Kailash Gajulapalli and Yejin Choi},
    booktitle={CoNLL},
    year={2011}
}

@inproceedings{Raghavan2010author,
    author = {Raghavan, Sindhu and Kovashka, Adriana and Mooney, Raymond},
    title = {Authorship Attribution Using Probabilistic Context-free Grammars},
    booktitle = {ACL Short Papers},
    series = {ACLShort '10},
    year = {2010},
    publisher = {Association for Computational Linguistics}
} 

@inproceedings{Wong2011native,
    author = {Wong, Sze-Meng Jojo and Dras, Mark},
    title = {Exploiting Parse Structures for Native Language Identification},
    booktitle = {Proceedings of the Conference on Empirical Methods in Natural Language Processing},
    series = {EMNLP '11},
    year = {2011},
    publisher = {Association for Computational Linguistics}
} 

@article{Kemper1987,
    author = {Kemper, Susan},
    title = "{Life-span Changes in Syntactic Complexity}",
    journal = {Journal of Gerontology},
    year = {1987}
}


@misc{dozat2016deep,
    title={Deep Biaffine Attention for Neural Dependency Parsing},
    author={Timothy Dozat and Christopher D. Manning},
    year={2016}
}

@misc{sutskever2014sequence,
    title={Sequence to Sequence Learning with Neural Networks},
    author={Ilya Sutskever and Oriol Vinyals and Quoc V. Le},
    year={2014}
}

@misc{vinyals2015neural,
    title={A Neural Conversational Model},
    author={Oriol Vinyals and Quoc Le},
    year={2015}
}

@article{Li_2018,
    title={Delete, Retrieve, Generate: a Simple Approach to Sentiment and Style Transfer},
    journal={NAACL},
    publisher={Association for Computational Linguistics},
    author={Li, Juncen and Jia, Robin and He, He and Liang, Percy},
    year={2018}
}

@article{Dyer2016rnng,
    title={Recurrent Neural Network Grammars},
    journal={NAACL},
    publisher={Association for Computational Linguistics},
    author={Dyer, Chris and Kuncoro, Adhiguna and Ballesteros, Miguel and Smith, Noah A.},
    year={2016}
}

@article{Chomsky1958-CHOTMF,
    title = {Three Models for the Description of Language},
    year = {1958},
    journal = {Journal of Symbolic Logic},
    author = {Noam Chomsky},
    publisher = {Association for Symbolic Logic}
}

@article{G2018topdown,
    title={Top-down Tree Structured Decoding with Syntactic Connections for Neural Machine Translation and Parsing},
    journal={EMNLP},
    publisher={Association for Computational Linguistics},
    author={Gū, Jetic and Shavarani, Hassan S. and Sarkar, Anoop},
    year={2018}
}

@article{Iyyer2014GeneratingSF,
    title={Generating Sentences from Semantic Vector Space Representations},
    author={Mohit Iyyer and Jordan L. Boyd-Graber and Hal Daum{\'e}},
    year={2014},
    journal={NIPS}
}


@misc{holtzman2019curious,
    title={The Curious Case of Neural Text Degeneration},
    author={Ari Holtzman and Jan Buys and Maxwell Forbes and Yejin Choi},
    year={2019}
}

@misc{Adam,
    added-at = {2019-06-04T16:24:16.000+0200},
    author = {Kingma, Diederik P. and Ba, Jimmy},
    title = {Adam: A Method for Stochastic Optimization},
    year = 2014
}

@article{Zhu_2018,
    title={Texygen},
    journal={The 41st International ACM SIGIR Conference on Research \& Development in Information Retrieval  - SIGIR  ’18},
    publisher={ACM Press},
    author={Zhu, Yaoming and Lu, Sidi and Zheng, Lei and Guo, Jiaxian and Zhang, Weinan and Wang, Jun and Yu, Yong},
    year={2018}
}

@article{zss1989,
    author = {Zhang, K. and Shasha, D.},
    title = {Simple Fast Algorithms for the Editing Distance Between Trees and Related Problems},
    journal = {SIAM J. Comput.},
    year = {1989},
    publisher = {Society for Industrial and Applied Mathematics}
} 